@inproceedings{maclaurin2015firefly,
	title={Firefly Monte Carlo: exact MCMC with subsets of data},
	author={Maclaurin, Dougal and Adams, Ryan P},
	booktitle={Proceedings of the 24th International Conference on Artificial Intelligence},
	pages={4289--4295},
	year={2015}
}

@article{halko2011finding,
	title={Finding structure with randomness: Probabilistic algorithms for constructing approximate matrix decompositions},
	author={Halko, Nathan and Martinsson, Per-Gunnar and Tropp, Joel A},
	journal={SIAM review},
	volume={53},
	number={2},
	pages={217--288},
	year={2011},
	publisher={SIAM}
}

  @Manual{rspectra,
    title = {RSpectra: Solvers for Large-Scale Eigenvalue and SVD Problems},
    author = {Yixuan Qiu and Jiali Mei},
    year = {2019},
    note = {R package version 0.16-0},
    url = {https://CRAN.R-project.org/package=RSpectra},
  }

@article{lewis2019irlba,
	title={The irlba Package},
	author={Lewis, Bryan W and Baglama, Jim and Reichel, Lothar},
	year={2019}
}

@article{baglama2005augmented,
	title={Augmented implicitly restarted Lanczos bidiagonalization methods},
	author={Baglama, James and Reichel, Lothar},
	journal={SIAM Journal on Scientific Computing},
	volume={27},
	number={1},
	pages={19--42},
	year={2005},
	publisher={SIAM}
}

@article{darnell2017adaptive,
	title={Adaptive randomized dimension reduction on massive data},
	author={Darnell, Gregory and Georgiev, Stoyan and Mukherjee, Sayan and Engelhardt, Barbara E},
	journal={The Journal of Machine Learning Research},
	volume={18},
	number={1},
	pages={5134--5163},
	year={2017},
	publisher={JMLR. org}
}

@article{pearson1901pca,
	title={LIII. On lines and planes of closest fit to systems of points in space},
	author={Pearson, Karl},
	journal={The London, Edinburgh, and Dublin Philosophical Magazine and Journal of Science},
	volume={2},
	number={11},
	pages={559--572},
	year={1901},
	publisher={Taylor \& Francis}
}

@article{hotelling1933analysis,
	title={Analysis of a complex of statistical variables into principal components.},
	author={Hotelling, Harold},
	journal={Journal of educational psychology},
	volume={24},
	number={6},
	pages={417},
	year={1933},
	publisher={Warwick \& York}
}

@inproceedings{welling2011bayesian,
	title={Bayesian learning via stochastic gradient Langevin dynamics},
	author={Welling, Max and Teh, Yee W},
	booktitle={Proceedings of the 28th international conference on machine learning (ICML-11)},
	pages={681--688},
	year={2011}
}

@article{kleiner2014scalable,
	title={A scalable bootstrap for massive data},
	author={Kleiner, Ariel and Talwalkar, Ameet and Sarkar, Purnamrita and Jordan, Michael I},
	journal={Journal of the Royal Statistical Society: Series B: Statistical Methodology},
	pages={795--816},
	year={2014},
	publisher={JSTOR}
}

@article{brantley2020baseline,
	title={Baseline drift estimation for air quality data using quantile trend filtering},
	author={Brantley, Halley L and Guinness, Joseph and Chi, Eric C and others},
	journal={Annals of Applied Statistics},
	volume={14},
	number={2},
	pages={585--604},
	year={2020},
	publisher={Institute of Mathematical Statistics}
}

@article{baker2019sgmcmc,
	title={sgmcmc: An R Package for Stochastic Gradient Markov Chain Monte Carlo},
	author={Baker, Jack and Fearnhead, Paul and Fox, Emily B and Nemeth, Christopher John},
	journal={Journal of Statistical Software},
	volume={91},
	number={3},
	pages={1--27},
	year={2019}
}

@inproceedings{xu2017adaptive,
	title={Adaptive consensus ADMM for distributed optimization},
	author={Xu, Zheng and Taylor, Gavin and Li, Hao and Figueiredo, M{\'a}rio AT and Yuan, Xiaoming and Goldstein, Tom},
	booktitle={Proceedings of the 34th International Conference on Machine Learning-Volume 70},
	pages={3841--3850},
	year={2017}
}

@inproceedings{ma2015complete,
	title={A complete recipe for stochastic gradient MCMC},
	author={Ma, Yi-An and Chen, Tianqi and Fox, Emily},
	booktitle={Advances in Neural Information Processing Systems},
	pages={2917--2925},
	year={2015}
}

@article{bardenet2017markov,
	title={On Markov chain Monte Carlo methods for tall data},
	author={Bardenet, R{\'e}mi and Doucet, Arnaud and Holmes, Chris},
	journal={The Journal of Machine Learning Research},
	volume={18},
	number={1},
	pages={1515--1557},
	year={2017},
	publisher={JMLR. org}
}

@article{draper2017comment,
	title={Comment: A brief survey of the current state of play for Bayesian computation in data science at big-data scale},
	author={Draper, David and Terenin, Alexander},
	journal={arXiv preprint arXiv:1712.00849},
	year={2017}
}

@article{metropolis1953,
	title={Equation of state calculations by fast computing machines},
	author={Metropolis, Nicholas and Rosenbluth, Arianna W and Rosenbluth, 
	Marshall N and Teller, Augusta H and Teller, Edward},
	journal={The journal of chemical physics},
	volume={21},
	number={6},
	pages={1087--1092},
	year={1953},
	publisher={American Institute of Physics}
}

@article{chen2018use,
	title={On the use of bootstrap with variational inference: Theory, interpretation, 
	and a two-sample test example},
	author={Chen, Yen-Chi and Wang, Y Samuel and Erosheva, Elena A and others},
	journal={The Annals of Applied Statistics},
	volume={12},
	number={2},
	pages={846--876},
	year={2018},
	publisher={Institute of Mathematical Statistics}
}

@article{holmes2006bayesian,
	title={Bayesian auxiliary variable models for binary and multinomial regression},
	author={Holmes, Chris C and Held, Leonhard and others},
	journal={Bayesian analysis},
	volume={1},
	number={1},
	pages={145--168},
	year={2006},
	publisher={International Society for Bayesian Analysis}
}

@article{fasano2019scalable,
	title={Scalable and Accurate Variational Bayes for High-Dimensional Binary 
	Regression Models},
	author={Fasano, Augusto and Durante, Daniele and Zanella, Giacomo},
	journal={arXiv},
	pages={arXiv--1911},
	year={2019}
}

@article{betancourt2017conceptual,
	title={A conceptual introduction to Hamiltonian Monte Carlo},
	author={Betancourt, Michael},
	journal={arXiv preprint arXiv:1701.02434},
	year={2017}
}

@article{hoffman2014no,
	title={The No-U-Turn Sampler: Adaptively Setting Path Lengths in Hamiltonian 
	Monte Carlo},
	author={Hoffman, Matthew D and Gelman, Andrew},
	journal={Journal of Machine Learning Research},
	volume={15},
	pages={1593--1623},
	year={2014}
}

@article{consensusmc,
	title={Bayes and big data: The consensus Monte Carlo algorithm},
	author={Scott, Steven L and Blocker, Alexander W and Bonassi, Fernando V and 
	Chipman, Hugh A and George, Edward I and McCulloch, Robert E},
	journal={International Journal of Management Science and Engineering 
	Management},
	volume={11},
	number={2},
	pages={78--88},
	year={2016},
	publisher={Taylor \& Francis}
}

@inproceedings{srivastava2015wasp,
	title={WASP: Scalable Bayes via barycenters of subset posteriors},
	author={Srivastava, Sanvesh and Cevher, Volkan and Dinh, Quoc and Dunson, 
	David},
	booktitle={Artificial Intelligence and Statistics},
	pages={912--920},
	year={2015}
}

@article{saibaba2019efficient,
	title={Efficient marginalization-based MCMC methods for hierarchical Bayesian 
	inverse problems},
	author={Saibaba, Arvind K and Bardsley, Johnathan and Brown, D Andrew and 
	Alexanderian, Alen},
	journal={SIAM/ASA Journal on Uncertainty Quantification},
	volume={7},
	number={3},
	pages={1105--1131},
	year={2019},
	publisher={SIAM}
}

@misc{stan2018rstan,
	title={RStan: the R Interface to Stan. R package version 2.17. 3},
	author={{Stan Development Team}},
	year={2018}
}

@book{robert2013monte,
	title={Monte Carlo statistical methods},
	author={Robert, Christian and Casella, George},
	year={2013},
	publisher={Springer Science \& Business Media}
}

@inproceedings{nopeskylr,
	title={No more pesky learning rates},
	author={Schaul, Tom and Zhang, Sixin and LeCun, Yann},
	booktitle={International Conference on Machine Learning},
	pages={343--351},
	year={2013}
}

@article{kingma2014adam,
	title={Adam: A method for stochastic optimization},
	author={Kingma, Diederik P and Ba, Jimmy},
	journal={arXiv preprint arXiv:1412.6980},
	year={2014}
}

@article{carbonetto2012scalable,
	title={Scalable variational inference for Bayesian variable selection in regression, 
	and its accuracy in genetic association studies},
	author={Carbonetto, Peter and Stephens, Matthew and others},
	journal={Bayesian analysis},
	volume={7},
	number={1},
	pages={73--108},
	year={2012},
	publisher={International Society for Bayesian Analysis}
}

@article{cyr2019access,
	title={Access to specialty healthcare in urban versus rural US populations: a systematic literature review},
	author={Cyr, Melissa E and Etchin, Anna G and Guthrie, Barbara J and Benneyan, James C},
	journal={BMC health services research},
	volume={19},
	number={1},
	pages={1--17},
	year={2019},
	publisher={BioMed Central}
}

@misc{tensorflow2015-whitepaper,
	title={{TensorFlow}: Large-Scale Machine Learning on Heterogeneous Systems},
	url={http://tensorflow.org/},
	note={Software available from tensorflow.org},
	author={
	Mart\'{\i}n~Abadi and
	Ashish~Agarwal and
	Paul~Barham and
	Eugene~Brevdo and
	Zhifeng~Chen and
	Craig~Citro and
	Greg~S.~Corrado and
	Andy~Davis and
	Jeffrey~Dean and
	Matthieu~Devin and
	Sanjay~Ghemawat and
	Ian~Goodfellow and
	Andrew~Harp and
	Geoffrey~Irving and
	Michael~Isard and
	Yangqing Jia and
	Rafal~Jozefowicz and
	Lukasz~Kaiser and
	Manjunath~Kudlur and
	Josh~Levenberg and
	Dan~Man\'{e} and
	Rajat~Monga and
	Sherry~Moore and
	Derek~Murray and
	Chris~Olah and
	Mike~Schuster and
	Jonathon~Shlens and
	Benoit~Steiner and
	Ilya~Sutskever and
	Kunal~Talwar and
	Paul~Tucker and
	Vincent~Vanhoucke and
	Vijay~Vasudevan and
	Fernanda~Vi\'{e}gas and
	Oriol~Vinyals and
	Pete~Warden and
	Martin~Wattenberg and
	Martin~Wicke and
	Yuan~Yu and
	Xiaoqiang~Zheng},
	year={2015},
}

@article{bonsignore2018evaluating,
	title={Evaluating the feasibility and acceptability of a telehealth program in a rural palliative care population: TapCloud for palliative care},
	author={Bonsignore, Lindsay and Bloom, Nicholas and Steinhauser, Karen and Nichols, Reginald and Allen, Todd and Twaddle, Martha and Bull, Janet},
	journal={Journal of Pain and Symptom Management},
	volume={56},
	number={1},
	pages={7--14},
	year={2018},
	publisher={Elsevier}
}

@inproceedings{sgdmcmc,
	title={A complete recipe for stochastic gradient MCMC},
	author={Ma, Yi-An and Chen, Tianqi and Fox, Emily},
	booktitle={Advances in Neural Information Processing Systems},
	pages={2917--2925},
	year={2015}
}

@article{quiroz2018speeding,
	title={Speeding up MCMC by efficient data subsampling},
	author={Quiroz, Matias and Kohn, Robert and Villani, Mattias and Tran, 
	Minh-Ngoc},
	journal={Journal of the American Statistical Association},
	year={2018},
	publisher={Taylor \& Francis}
}

@article{bayesiancompressed,
	title={Bayesian compressed regression},
	author={Guhaniyogi, Rajarshi and Dunson, David B},
	journal={Journal of the American Statistical Association},
	volume={110},
	number={512},
	pages={1500--1514},
	year={2015},
	publisher={Taylor \& Francis}
}

@inproceedings{terenin2020asynchronous,
	title={Asynchronous gibbs sampling},
	author={Terenin, Alexander and Simpson, Daniel and Draper, David},
	booktitle={International Conference on Artificial Intelligence and Statistics},
	pages={144--154},
	year={2020}
}

@article{terenin2019gpu,
	title={GPU-accelerated Gibbs sampling: a case study of the Horseshoe Probit 
	model},
	author={Terenin, Alexander and Dong, Shawfeng and Draper, David},
	journal={Statistics and Computing},
	volume={29},
	number={2},
	pages={301--310},
	year={2019},
	publisher={Springer}
}

@article{team2016rstan,
	title={RStan: the R interface to Stan},
	author={Team, Stan Developent and others},
	journal={R package version},
	volume={2},
	number={1},
	year={2016}
}

@article{r2winbugs,
	title={R2WinBUGS: a package for running WinBUGS from R},
	author={Sturtz, Sibylle and Ligges, Uwe and Gelman, Andrew E},
	year={2005}
}

@article{plummer2019rjags,
	title={Package ‘rjags’},
	author={Plummer, Martyn and Stukalov, Alexey and Denwood, Matt and 
	Plummer, Maintainer Martyn},
	year={2019}
}

@book{bernardo2000,
	title={Bayesian theory},
	author={Bernardo, Jos{\'e} M and Smith, Adrian FM},
	volume={405},
	year={2000},
	publisher={John Wiley \& Sons}
}

@article{hastings1970monte,
	title={Monte Carlo sampling methods using Markov chains and their 
	applications},
	author={Hastings, W Keith},
	year={1970},
	publisher={Oxford University Press}
}

@article{geman1984stochastic,
	title={Stochastic relaxation, Gibbs distributions, and the Bayesian restoration of 
	images},
	author={Geman, Stuart and Geman, Donald},
	journal={IEEE Transactions on pattern analysis and machine intelligence},
	number={6},
	pages={721--741},
	year={1984},
	publisher={IEEE}
}

@article{gelfand1990sampling,
	title={Sampling-based approaches to calculating marginal densities},
	author={Gelfand, Alan E and Smith, Adrian FM},
	journal={Journal of the American statistical association},
	volume={85},
	number={410},
	pages={398--409},
	year={1990},
	publisher={Taylor \& Francis Group}
}

@article{dunsonmgp,
	title={Sparse Bayesian infinite factor models},
	author={Bhattacharya, Anirban and Dunson, David B},
	journal={Biometrika},
	pages={291--306},
	year={2011}
}

@article{nott2008predictive,
	title={Predictive performance of Dirichlet process shrinkage methods in 
	linear regression},
	author={Nott, David J},
	journal={Computational Statistics \& Data Analysis},
	volume={52},
	number={7},
	pages={3658--3669},
	year={2008},
	publisher={Elsevier}
}

@Article{dunson2008bayesian,
	title={Bayesian selection and clustering of polymorphisms in functionally 
	related genes},
	author={Dunson, David B and Herring, Amy H and Engel, Stephanie M},
	journal={Journal of the American Statistical Association},
	volume={103},
	number={482},
	pages={534--546},
	year={2008},
	publisher={Taylor \& Francis}
}

@article{curtis2011bayesian,
	title={A Bayesian approach to multicollinearity and the simultaneous 
	selection and clustering of 
	predictors in linear regression},
	author={Curtis, S McKay and Ghosh, Sujit K},
	journal={Journal of Statistical Theory and Practice},
	volume={5},
	number={4},
	pages={715--735},
	year={2011},
	publisher={Taylor \& Francis}
}

@article{escobar1995bayesian,
	title={Bayesian density estimation and inference using mixtures},
	author={Escobar, Michael D and West, Mike},
	journal={Journal of the american statistical association},
	volume={90},
	number={430},
	pages={577--588},
	year={1995},
	publisher={Taylor \& Francis}
}

@article{maceachern1998estimating,
	title={Estimating mixture of Dirichlet process models},
	author={MacEachern, Steven N and M{\"u}ller, Peter},
	journal={Journal of Computational and Graphical Statistics},
	volume={7},
	number={2},
	pages={223--238},
	year={1998},
	publisher={Taylor \& Francis}
}

@article{neal2000markov,
	title={Markov chain sampling methods for Dirichlet process mixture 
	models},
	author={Neal, Radford M},
	journal={Journal of computational and graphical statistics},
	volume={9},
	number={2},
	pages={249--265},
	year={2000},
	publisher={Taylor \& Francis}
}

@article{she2010sparse,
	title={Sparse regression with exact clustering},
	author={She, Yiyuan},
	journal={Electronic Journal of Statistics},
	volume={4},
	pages={1055--1096},
	year={2010},
	publisher={The Institute of Mathematical Statistics and the Bernoulli 
	Society}
}

@Article{bondell2008oscar,
	title={Simultaneous regression shrinkage, variable selection, and 
	supervised clustering of predictors 
	with OSCAR},
	author={Bondell, Howard D and Reich, Brian J},
	journal={Biometrics},
	volume={64},
	number={1},
	pages={115--123},
	year={2008},
	publisher={Wiley Online Library}
}

@article{chi2015splitting,
	title={Splitting methods for convex clustering},
	author={Chi, Eric C and Lange, Kenneth},
	journal={Journal of Computational and Graphical Statistics},
	volume={24},
	number={4},
	pages={994--1013},
	year={2015},
	publisher={Taylor \& Francis}
}

@book{lindsten2011just,
	title={Just relax and come clustering!: A convexification of k-means 
	clustering},
	author={Lindsten, Fredrik and Ohlsson, Henrik and Ljung, Lennart},
	year={2011},
	publisher={Link{\"o}ping University Electronic Press}
}

@inproceedings{hocking2011clusterpath,
	title={Clusterpath an algorithm for clustering using convex fusion 
	penalties},
	author={Hocking, Toby Dylan and Joulin, Armand and Bach, Francis and 
	Vert, Jean-Philippe},
	booktitle={28th international conference on machine learning},
	pages={1},
	year={2011}
}

@book{brooks2011handbook,
	title={Handbook of markov chain monte carlo},
	author={Brooks, Steve and Gelman, Andrew and Jones, Galin and Meng, 
	Xiao-Li},
	year={2011},
	publisher={CRC press}
}

@article{tibshirani2005sparsity,
	title={Sparsity and smoothness via the fused lasso},
	author={Tibshirani, Robert and Saunders, Michael and Rosset, Saharon 
	and Zhu, Ji and Knight, 
	Keith},
	journal={Journal of the Royal Statistical Society: Series B (Statistical 
	Methodology)},
	volume={67},
	number={1},
	pages={91--108},
	year={2005},
	publisher={Wiley Online Library}
}

@article{park2006averaged,
	title={Averaged gene expressions for regression},
	author={Park, Mee Young and Hastie, Trevor and Tibshirani, Robert},
	journal={Biostatistics},
	volume={8},
	number={2},
	pages={212--227},
	year={2006},
	publisher={Oxford University Press}
}

@article{tibs1996lasso,
	title={Regression shrinkage and selection via the lasso},
	author={Tibshirani, Robert},
	journal={Journal of the Royal Statistical Society. Series B 
	(Methodological)},
	pages={267--288},
	year={1996},
	publisher={JSTOR}
}

@article{zou2006adaptive,
	title={The adaptive lasso and its oracle properties},
	author={Zou, Hui},
	journal={Journal of the American statistical association},
	volume={101},
	number={476},
	pages={1418--1429},
	year={2006},
	publisher={Taylor \& Francis}
}

@article{friedman2010glmnet,
	title={Regularization paths for generalized linear models via coordinate 
	descent},
	author={Friedman, Jerome and Hastie, Trevor and Tibshirani, Rob},
	journal={Journal of statistical software},
	volume={33},
	number={1},
	pages={1},
	year={2010},
	publisher={NIH Public Access}
}

@book{monahan2008primer,
	title={A primer on linear models},
	author={Monahan, John F},
	year={2008},
	publisher={CRC Press}
}

@book{hoff2009first,
	title={A first course in Bayesian statistical methods},
	author={Hoff, Peter D},
	year={2009},
	publisher={Springer Science \& Business Media}
}

@article{berger2018tree,
	title={Tree-Structured Clustering in Fixed Effects Models},
	author={Berger, Moritz and Tutz, Gerhard},
	journal={Journal of Computational and Graphical Statistics},
	pages={1--13},
	year={2018},
	publisher={Taylor \& Francis}
}

@article{aloise2009np,
	title={NP-hardness of Euclidean sum-of-squares clustering},
	author={Aloise, Daniel and Deshpande, Amit and Hansen, Pierre and 
	Popat, Preyas},
	journal={Machine learning},
	volume={75},
	number={2},
	pages={245--248},
	year={2009},
	publisher={Springer}
}

@article{tibshirani2011genlasso,
	author = "Tibshirani, Ryan J. and Taylor, Jonathan",
	doi = "10.1214/11-AOS878",
	fjournal = "The Annals of Statistics",
	journal = "Ann. Statist.",
	month = "06",
	number = "3",
	pages = "1335--1371",
	publisher = "The Institute of Mathematical Statistics",
	title = "The solution path of the generalized lasso",
	url = "https://doi.org/10.1214/11-AOS878",
	volume = "39",
	year = "2011"
}

@article{gaines2018algorithms,
	title={Algorithms for fitting the constrained lasso},
	author={Gaines, Brian R and Kim, Juhyun and Zhou, Hua},
	journal={Journal of Computational and Graphical Statistics},
	number={just-accepted},
	year={2018},
	publisher={Taylor \& Francis}
}

@article{jorn03simul,
	author = {Jörnsten, Rebecka and Yu, Bin},
	title = {Simultaneous gene clustering and subset selection for sample 
	classification via MDL},
	journal = {Bioinformatics},
	volume = {19},
	number = {9},
	pages = {1100-1109},
	year = {2003},
}

@article{dettling2004gene,
	title = "Finding predictive gene groups from microarray data",
	journal = "Journal of Multivariate Analysis",
	volume = "90",
	number = "1",
	pages = "106 - 131",
	year = "2004",
	note = "Special Issue on Multivariate Methods in Genomic Data Analysis",
	author = "Marcel Dettling and Peter Bühlmann",
}

@article{hastie2001harvest,
	title={Supervised harvesting of expression trees},
	author={Hastie, Trevor and Tibshirani, Robert and Botstein, David and 
	Brown, Patrick},
	journal={Genome Biology},
	volume={2},
	number={1},
	pages={research0003--1},
	year={2001},
	publisher={BioMed Central}
}

@article{sharma2013pacs,
	author = { Dhruv B.   Sharma  and  Howard D.   Bondell  and  Hao   Helen   
	Zhang },
	title = {Consistent Group Identification and Variable Selection in 
	Regression With Correlated 
	Predictors},
	journal = {Journal of Computational and Graphical Statistics},
	volume = {22},
	number = {2},
	pages = {319-340},
	year  = {2013},
	publisher = {Taylor & Francis}
}

@article{fan2001variable,
	title={Variable selection via nonconcave penalized likelihood and its 
	oracle properties},
	author={Fan, Jianqing and Li, Runze},
	journal={Journal of the American statistical Association},
	volume={96},
	number={456},
	pages={1348--1360},
	year={2001},
	publisher={Taylor \& Francis}
}

@article{witten2014cluster,
	title={The cluster elastic net for high-dimensional regression with 
	unknown variable grouping},
	author={Witten, Daniela M and Shojaie, Ali and Zhang, Fan},
	journal={Technometrics},
	volume={56},
	number={1},
	pages={112--122},
	year={2014},
	publisher={Taylor \& Francis}
}

@book{efron1994introduction,
	title={An introduction to the bootstrap},
	author={Efron, Bradley and Tibshirani, Robert J},
	year={1994},
	publisher={CRC press}
}

@book{davison1997bootstrap,
	title={Bootstrap methods and their application},
	author={Davison, Anthony Christopher and Hinkley, David Victor and 
	others},
	volume={1},
	year={1997},
	publisher={Cambridge university press}
}

@article{bhadra2017horseshoe+,
	title={The horseshoe+ estimator of ultra-sparse signals},
	author={Bhadra, Anindya and Datta, Jyotishka and Polson, Nicholas G and 
	Willard, Brandon and 
	others},
	journal={Bayesian Analysis},
	volume={12},
	number={4},
	pages={1105--1131},
	year={2017},
	publisher={International Society for Bayesian Analysis}
}

@article{bhattacharya2015dirichlet,
	title={Dirichlet--Laplace priors for optimal shrinkage},
	author={Bhattacharya, Anirban and Pati, Debdeep and Pillai, Natesh S and 
	Dunson, David B},
	journal={Journal of the American Statistical Association},
	volume={110},
	number={512},
	pages={1479--1490},
	year={2015},
	publisher={Taylor \& Francis}
}

@book{murphy2012machine,
	title={Machine Learning: A Probabilistic Perspective},
	author={Murphy, Kevin P},
	year={2012},
	publisher={MIT Press}
}

@article{antoniak1974,
	author = "Antoniak, Charles E.",
	fjournal = "The Annals of Statistics",
	journal = "Ann. Statist.",
	month = "11",
	number = "6",
	pages = "1152--1174",
	publisher = "The Institute of Mathematical Statistics",
	title = "Mixtures of Dirichlet Processes with Applications to Bayesian 
	Nonparametric Problems",
	volume = "2",
	year = "1974"
}

@article{ferguson1973,
	author = "Ferguson, Thomas S.",
	fjournal = "The Annals of Statistics",
	journal = "Ann. Statist.",
	month = "03",
	number = "2",
	pages = "209--230",
	publisher = "The Institute of Mathematical Statistics",
	title = "A Bayesian Analysis of Some Nonparametric Problems",
	volume = "1",
	year = "1973"
}

@article{sethuraman1994constructive,
	title={A constructive definition of Dirichlet priors},
	author={Sethuraman, Jayaram},
	journal={Statistica sinica},
	pages={639--650},
	year={1994},
	publisher={JSTOR}
}

@article{george1997approaches,
	title={Approaches for Bayesian variable selection},
	author={George, Edward I and McCulloch, Robert E},
	journal={Statistica sinica},
	pages={339--373},
	year={1997},
	publisher={JSTOR}
}

@article{hoerl1970ridge,
	title={Ridge regression: Biased estimation for nonorthogonal problems},
	author={Hoerl, Arthur E and Kennard, Robert W},
	journal={Technometrics},
	volume={12},
	number={1},
	pages={55--67},
	year={1970},
	publisher={Taylor \& Francis Group}
}

@book{faraway2016linear,
	title={Linear models with R},
	author={Faraway, Julian J},
	year={2016},
	publisher={Chapman and Hall/CRC}
}

@article{segal2003regression,
	title={Regression approaches for microarray data analysis},
	author={Segal, Mark R and Dahlquist, Kam D and Conklin,  R},
	journal={Journal of Computational Biology},
	volume={10},
	number={6},
	pages={961--980},
	year={2003},
	publisher={Mary Ann Liebert, Inc.}
}

@article{zou2005enet,
	title={Regularization and variable selection via the elastic net},
	author={Zou, Hui and Hastie, Trevor},
	journal={Journal of the Royal Statistical Society: Series B (Statistical 
	Methodology)},
	volume={67},
	number={2},
	pages={301--320},
	year={2005},
	publisher={Wiley Online Library}
}

@article{yuan2006group,
	title={Model selection and estimation in regression with grouped 
	variables},
	author={Yuan, Ming and Lin, Yi},
	journal={Journal of the Royal Statistical Society: Series B (Statistical 
	Methodology)},
	volume={68},
	number={1},
	pages={49--67},
	year={2006},
	publisher={Wiley Online Library}
}

@article{zhong2012efficient,
	title={Efficient sparse modeling with automatic feature grouping},
	author={Zhong, Leon Wenliang and Kwok, James T},
	journal={IEEE transactions on neural networks and learning systems},
	volume={23},
	number={9},
	pages={1436--1447},
	year={2012},
	publisher={IEEE}
}

@article{blackwell1973ferguson,
	title={Ferguson distributions via P{\'o}lya urn schemes},
	author={Blackwell, David and MacQueen, James B and others},
	journal={The annals of statistics},
	volume={1},
	number={2},
	pages={353--355},
	year={1973},
	publisher={Institute of Mathematical Statistics}
}

@article{bezanson2017julia,
	title={Julia: A fresh approach to numerical computing},
	author={Bezanson, Jeff and Edelman, Alan and Karpinski, Stefan and 
	Shah, Viral B},
	journal={SIAM review},
	volume={59},
	number={1},
	pages={65--98},
	year={2017},
	publisher={SIAM}
}

@incollection{grant2006disciplined,
	title={Disciplined convex programming},
	author={Grant, Michael and Boyd, Stephen and Ye, Yinyu},
	booktitle={Global optimization},
	pages={155--210},
	year={2006},
	publisher={Springer}
}

@article{blei2017variational,
	title={Variational inference: A review for statisticians},
	author={Blei, David M and Kucukelbir, Alp and McAuliffe, Jon D},
	journal={Journal of the American Statistical Association},
	volume={112},
	number={518},
	pages={859--877},
	year={2017},
	publisher={Taylor \& Francis}
}

@article{beaumont2010approximate,
	title={Approximate Bayesian computation in evolution and ecology},
	author={Beaumont, Mark A},
	journal={Annual review of ecology, evolution, and systematics},
	volume={41},
	pages={379--406},
	year={2010},
	publisher={Annual Reviews}
}

@article{maclehose2007bayesian,
	title={Bayesian methods for highly correlated exposure data},
	author={MacLehose, Richard F and Dunson, David B and Herring, Amy H 
	and Hoppin, Jane A},
	journal={Epidemiology},
	pages={199--207},
	year={2007},
	publisher={JSTOR}
}

@article{li2018graph,
	title={Graph-based regularization for regression problems with 
	highly-correlated designs},
	author={Li, Yuan and Raskutti, Garvesh and Willett, Rebecca},
	journal={arXiv preprint arXiv:1803.07658},
	year={2018}
}

@article{buhlmann2013correlated,
	title={Correlated variables in regression: clustering and sparse 
	estimation},
	author={B{\"u}hlmann, Peter and R{\"u}timann, Philipp and van de Geer, 
	Sara and Zhang, Cun-Hui},
	journal={Journal of Statistical Planning and Inference},
	volume={143},
	number={11},
	pages={1835--1858},
	year={2013},
	publisher={Elsevier}
}

@article{tadesse2005bayesian,
	title={Bayesian variable selection in clustering high-dimensional data},
	author={Tadesse, Mahlet G and Sha, Naijun and Vannucci, Marina},
	journal={Journal of the American Statistical Association},
	volume={100},
	number={470},
	pages={602--617},
	year={2005},
	publisher={Taylor \& Francis}
}

@article{jacques2014functional,
	title={Functional data clustering: a survey},
	author={Jacques, Julien and Preda, Cristian},
	journal={Advances in Data Analysis and Classification},
	volume={8},
	number={3},
	pages={231--255},
	year={2014},
	publisher={Springer}
}

@article{abraham2003unsupervised,
	title={Unsupervised curve clustering using B-splines},
	author={Abraham, Christophe and Cornillon, Pierre-Andr{\'e} and 
	Matzner-L{\o}ber, ERIC and 
	Molinari, Nicolas},
	journal={Scandinavian journal of statistics},
	volume={30},
	number={3},
	pages={581--595},
	year={2003},
	publisher={Wiley Online Library}
}

@article{goldsmith2016assessing,
	title={Assessing systematic effects of stroke on motor control by using 
	hierarchical 
	function-on-scalar regression},
	author={Goldsmith, Jeff and Kitago, Tomoko},
	journal={Journal of the Royal Statistical Society: Series C (Applied 
	Statistics)},
	volume={65},
	number={2},
	pages={215--236},
	year={2016},
	publisher={Wiley Online Library}
}

@article{eilers1996flexible,
	title={Flexible smoothing with B-splines and penalties},
	author={Eilers, Paul HC and Marx, Brian D},
	journal={Statistical science},
	pages={89--102},
	year={1996},
	publisher={JSTOR}
}

@article{goldsmith2017variable,
	title={Variable selection in the functional linear concurrent model},
	author={Goldsmith, Jeff and Schwartz, Joseph E},
	journal={Statistics in medicine},
	volume={36},
	number={14},
	pages={2237--2250},
	year={2017},
	publisher={Wiley Online Library}
}

@article{kowal2018dynamic,
	title={Dynamic Function-on-Scalars Regression},
	author={Kowal, Daniel R},
	journal={arXiv preprint arXiv:1806.01460},
	year={2018}
}

@article{kim2006variable,
	title={Variable selection in clustering via Dirichlet process mixture 
	models},
	author={Kim, Sinae and Tadesse, Mahlet G and Vannucci, Marina},
	journal={Biometrika},
	volume={93},
	number={4},
	pages={877--893},
	year={2006},
	publisher={Oxford University Press}
}

@article{wang2007group,
	title={Group SCAD regression analysis for microarray time course gene 
	expression data},
	author={Wang, Lifeng and Chen, Guang and Li, Hongzhe},
	journal={Bioinformatics},
	volume={23},
	number={12},
	pages={1486--1494},
	year={2007},
	publisher={Oxford University Press}
}

@article{chen2016variable,
	title={Variable selection in function-on-scalar regression},
	author={Chen, Yakuan and Goldsmith, Jeff and Ogden, R Todd},
	journal={Stat},
	volume={5},
	number={1},
	pages={88--101},
	year={2016},
	publisher={Wiley Online Library}
}

@article{fan2017high,
	title={High-dimensional adaptive function-on-scalar regression},
	author={Fan, Zhaohu and Reimherr, Matthew},
	journal={Econometrics and statistics},
	volume={1},
	pages={167--183},
	year={2017},
	publisher={Elsevier}
}

@article{parodi2018,
	author = "Parodi, Alice and Reimherr, Matthew",
	doi = "10.1214/18-EJS1509",
	fjournal = "Electronic Journal of Statistics",
	journal = "Electron. J. Statist.",
	number = "2",
	pages = "4602--4639",
	publisher = "The Institute of Mathematical Statistics and the Bernoulli 
	Society",
	title = "Simultaneous variable selection and smoothing for 
	high-dimensional function-on-scalar 
	regression",
	url = "https://doi.org/10.1214/18-EJS1509",
	volume = "12",
	year = "2018"
}

@article{kowal2018bayesian,
	title={Bayesian Function-on-Scalars Regression for High Dimensional 
	Data},
	author={Kowal, Daniel R and Bourgeois, Daniel C},
	journal={arXiv preprint arXiv:1808.06689},
	year={2018}
}

@article{ray2006functional,
	title={Functional clustering by Bayesian wavelet methods},
	author={Ray, Shubhankar and Mallick, Bani},
	journal={Journal of the Royal Statistical Society: Series B (Statistical 
	Methodology)},
	volume={68},
	number={2},
	pages={305--332},
	year={2006},
	publisher={Wiley Online Library}
}

@article{zhang2014joint,
	title={Joint clustering and registration of functional data},
	author={Zhang, Yafeng and Telesca, Donatello},
	journal={arXiv preprint arXiv:1403.7134},
	year={2014}
}

@article{suarez2017bayesian,
	title={Bayesian estimation of principal components for functional data},
	author={Suarez, Adam J and Ghosal, Subhashis},
	journal={Bayesian Analysis},
	volume={12},
	number={2},
	pages={311--333},
	year={2017},
	publisher={International Society for Bayesian Analysis}
}

@article{barber2017,
	author = "Barber, Rina Foygel and Reimherr, Matthew and Schill, Thomas",
	doi = "10.1214/17-EJS1260",
	fjournal = "Electronic Journal of Statistics",
	journal = "Electron. J. Statist.",
	number = "1",
	pages = "1351--1389",
	publisher = "The Institute of Mathematical Statistics and the Bernoulli 
	Society",
	title = "The function-on-scalar LASSO with applications to longitudinal 
	GWAS",
	url = "https://doi.org/10.1214/17-EJS1260",
	volume = "11",
	year = "2017"
}

@article{biswas2019hypothesis,
	title={Hypothesis Testing in Nonlinear Function on Scalar Regression 
	with Application to Child Growth 
	Study},
	author={Biswas, Mityl and Maity, Arnab},
	journal={arXiv preprint arXiv:1907.10207},
	year={2019}
}

@article{reiss2010fast,
	title={Fast Function-on-Scalar Regression with Penalized Basis 
	Expansions},
	author={Reiss, Philip T and Huang, Lei and Mennes, Maarten and others},
	journal={The International Journal of Biostatistics},
	volume={6},
	number={1},
	pages={1--30},
	year={2010},
	publisher={De Gruyter}
}

@book{ramsay2005functional,
	title={Functional Data Analysis},
	author={Ramsay, J. and Ramsay, J. and Silverman, B.W. and Silverman, 
	H.O.W.P.M.B.W. and 
	Springer Science+Business Media},
	isbn={9780387400808},
	lccn={2005923773},
	series={Springer Series in Statistics},
	url={https://books.google.com/books?id=mU3dop5wY\_4C},
	year={2005},
	publisher={Springer}
}

@article{reiss2017methods,
	title={Methods for scalar-on-function regression},
	author={Reiss, Philip T and Goldsmith, Jeff and Shang, Han Lin and 
	Ogden, R Todd},
	journal={International Statistical Review},
	volume={85},
	number={2},
	pages={228--249},
	year={2017},
	publisher={Wiley Online Library}
}

@article{morris2006wavelet,
	title={Wavelet-based functional mixed models},
	author={Morris, Jeffrey S and Carroll, Raymond J},
	journal={Journal of the Royal Statistical Society: Series B (Statistical 
	Methodology)},
	volume={68},
	number={2},
	pages={179--199},
	year={2006},
	publisher={Wiley Online Library}
}

@article{morris2015functional,
	title={Functional regression},
	author={Morris, Jeffrey S},
	journal={Annual Review of Statistics and Its Application},
	volume={2},
	pages={321--359},
	year={2015},
	publisher={Annual Reviews}
}

@book{ramsay2009functional,
	title={Functional Data Analysis with R and MATLAB},
	author={Ramsay, J. and Hooker, G. and Graves, S.},
	isbn={9780387981857},
	lccn={2009928040},
	series={Use R!},
	url={https://books.google.com/books?id=fNKHa8eV7WYC},
	year={2009},
	publisher={Springer New York}
}

@article{rand1971objective,
	title={Objective criteria for the evaluation of clustering methods},
	author={Rand, William M},
	journal={Journal of the American Statistical association},
	volume={66},
	number={336},
	pages={846--850},
	year={1971},
	publisher={Taylor \& Francis Group}
}

@article{hubert1985comparing,
	title={Comparing partitions},
	author={Hubert, Lawrence and Arabie, Phipps},
	journal={Journal of classification},
	volume={2},
	number={1},
	pages={193--218},
	year={1985},
	publisher={Springer}
}

@article{blei2006dirichlet,
	title={Variational inference for Dirichlet process mixtures},
	author={Blei, David M and Jordan, Michael I and others},
	journal={Bayesian analysis},
	volume={1},
	number={1},
	pages={121--143},
	year={2006},
	publisher={International Society for Bayesian Analysis}
}

  @Article{varbvs,
	title = {Scalable variational inference for Bayesian variable selection in 
	regression, and its accuracy in 
	genetic association studies},
	author = {Peter Carbonetto and Matthew Stephens},
	journal = {Bayesian Analysis},
	volume = {7},
	number = {1},
	pages = {73--108},
	year = {2012},
}

@Misc{rstan,
	title = {{RStan}: the {R} interface to {Stan}},
	author = {{Stan Development Team}},
	note = {R package version 2.19.2},
	year = {2019},
	url = {http://mc-stan.org/},
}

@article{advipaper,
	author  = {Alp Kucukelbir and Dustin Tran and Rajesh Ranganath and 
	Andrew Gelman and David M. 
	Blei},
	title   = {Automatic Differentiation Variational Inference},
	journal = {Journal of Machine Learning Research},
	year    = {2017},
	volume  = {18},
	number  = {14},
	pages   = {1-45},
	url     = {http://jmlr.org/papers/v18/16-107.html}
}


@article{vbreview,
	author = {David M. Blei and Alp Kucukelbir and Jon D. McAuliffe},
	title = {Variational Inference: A Review for Statisticians},
	journal = {Journal of the American Statistical Association},
	volume = {112},
	number = {518},
	pages = {859-877},
	year  = {2017},
	publisher = {Taylor & Francis},
	doi = {10.1080/01621459.2017.1285773},
	
	URL = { 
	https://doi.org/10.1080/01621459.2017.1285773
	
	},
	eprint = { 
	https://doi.org/10.1080/01621459.2017.1285773
	
	}
	
}

@article{kyung2010penalized,
	title={Penalized regression, standard errors, and Bayesian lassos},
	author={Kyung, Minjung and Gill, Jeff and Ghosh, Malay and Casella, 
	George},
	journal={Bayesian Analysis},
	volume={5},
	number={2},
	pages={369--411},
	year={2010},
	publisher={International Society for Bayesian Analysis}
}

@Article{glmnet,
	title = {Regularization Paths for Cox's Proportional Hazards Model via 
	Coordinate Descent},
	author = {Noah Simon and Jerome Friedman and Trevor Hastie and Rob 
	Tibshirani},
	journal = {Journal of Statistical Software},
	year = {2011},
	volume = {39},
	number = {5},
	pages = {1--13},
	url = {http://www.jstatsoft.org/v39/i05/},
}

@Book{Cameron+Trivedi:2013,
	author = {A. Colin Cameron and Pravin K. Trivedi},
	title = {Regression Analysis of Count Data},
	year = {2013},
	edition = {2nd},
	publisher = {Cambridge University Press},
	address = {Cambridge},
}

@Book{Chambers+Hastie:1992,
	editor = {John M. Chambers and Trevor J. Hastie},
	title = {Statistical Models in \proglang{S}},
	publisher = {Chapman \& Hall},
	year = {1992},
	address = {London},
}

@Manual{Jackman:2015,
	title = {\pkg{pscl}: Classes and Methods for \proglang{R} Developed in 
	the Political Science Computational Laboratory, Stanford University},
	author = {Simon Jackman},
	year = {2015},
	note = {\proglang{R} package version 1.4.9},
	url = {https://CRAN.R-project.org/package=pscl},
}

@Article{Mullahy:1986,
	author = {John Mullahy},
	title = {Specification and Testing of Some Modified Count Data Models},
	year = {1986},
	journal = {Journal of Econometrics},
	volume = {33},
	number = {3},
	pages = {341--365},
	doi = {10.1016/0304-4076(86)90002-3},
}

@Book{McCullagh+Nelder:1989,
	author = {Peter McCullagh and John A. Nelder},
	title = {Generalized Linear Models},
	edition = {2nd},
	year = {1989},
	publisher = {Chapman \& Hall},
	address = {London},
	doi = {10.1007/978-1-4899-3242-6},
}

@Manual{R,
	title = {\proglang{R}: {A} Language and Environment for Statistical 
	Computing},
	author = {{\proglang{R} Core Team}},
	organization = {\proglang{R} Foundation for Statistical Computing},
	address = {Vienna, Austria},
	year = {2017},
	url = {https://www.R-project.org/},
}

@Article{Stasinopoulos+Rigby:2007,
	author = {D. Mikis Stasinopoulos and Robert A. Rigby},
	title = {Generalized Additive Models for Location Scale and Shape 
	({GAMLSS}) in \proglang{R}},
	journal = {Journal of Statistical Software},
	year = {2007},
	volume = {23},
	number = {7},
	pages = {1--46},
	doi = {10.18637/jss.v023.i07},
}

@Book{Venables+Ripley:2002,
	author = {William N. Venables and Brian D. Ripley},
	title = {Modern Applied Statistics with \proglang{S}},
	edition = {4th},
	year = {2002},
	pages = {495},
	publisher = {Springer-Verlag},
	address = {New York},
	doi = {10.1007/978-0-387-21706-2},
}

@Book{Wood:2006,
	author = {Simon N. Wood},
	title = {Generalized Additive Models: An Introduction with \proglang{R}},
	year = {2006},
	publisher = {Chapman \& Hall/CRC},
	address = {Boca Raton},
}

@Article{Yee:2009,
	author = {Thomas W. Yee},
	title = {The \pkg{VGAM} Package for Categorical Data Analysis},
	journal = {Journal of Statistical Software},
	year = {2010},
	volume = {32},
	number = {10},
	pages = {1--34},
	doi = {10.18637/jss.v032.i10},
}

@Article{Zeileis+Kleiber+Jackman:2008,
	author = {Achim Zeileis and Christian Kleiber and Simon Jackman},
	title = {Regression Models for Count Data in \proglang{R}},
	journal = {Journal of Statistical Software},
	year = {2008},
	volume = {27},
	number = {8},
	pages = {1--25},
	doi = {10.18637/jss.v027.i08},
}

@book{bishop2006pattern,
	title={Pattern recognition and machine learning},
	author={Bishop, Christopher M},
	year={2006},
	publisher={springer}
}

@book{murphy2012,
	title={Machine learning: a probabilistic perspective},
	author={Murphy, Kevin P},
	year={2012},
	publisher={MIT press}
}

@article{hoffman2013svi,
	title={Stochastic variational inference},
	author={Hoffman, Matthew D and Blei, David M and Wang, Chong and 
	Paisley, John},
	journal={The Journal of Machine Learning Research},
	volume={14},
	number={1},
	pages={1303--1347},
	year={2013},
	publisher={JMLR. org}
}

@article{amari1998natural,
	title={Natural gradient works efficiently in learning},
	author={Amari, Shun-Ichi},
	journal={Neural computation},
	volume={10},
	number={2},
	pages={251--276},
	year={1998},
	publisher={MIT Press}
}

@article{park2008lasso,
	title={The bayesian lasso},
	author={Park, Trevor and Casella, George},
	journal={Journal of the American Statistical Association},
	volume={103},
	number={482},
	pages={681--686},
	year={2008},
	publisher={Taylor \& Francis}
}

@article{carvalho2010horseshoe,
	title={The horseshoe estimator for sparse signals},
	author={Carvalho, Carlos M and Polson, Nicholas G and Scott, James G},
	journal={Biometrika},
	volume={97},
	number={2},
	pages={465--480},
	year={2010},
	publisher={Oxford University Press}
}

@article{makalic2015simple,
	title={A simple sampler for the horseshoe estimator},
	author={Makalic, Enes and Schmidt, Daniel F},
	journal={IEEE Signal Processing Letters},
	volume={23},
	number={1},
	pages={179--182},
	year={2015},
	publisher={IEEE}
}

@article{bates2013fast,
	title={Fast and elegant numerical linear algebra using the RcppEigen 
	package},
	author={Bates, Douglas and Eddelbuettel, Dirk and others},
	journal={Journal of Statistical Software},
	volume={52},
	number={5},
	pages={1--24},
	year={2013}
}

@article{rcpp,
	author = {Dirk Eddelbuettel and Romain Francois},
	title = {Rcpp: Seamless R and C++ Integration},
	journal = {Journal of Statistical Software, Articles},
	volume = {40},
	number = {8},
	year = {2011},
	keywords = {},
	abstract = {The Rcpp package simplifies integrating C++ code with R. It 
	provides a consistent C++ class hierarchy that maps various types of R 
	objects (vectors, matrices, functions, environments, . . . ) to dedicated 
	C++ classes. Object interchange between R and C++ is managed by 
	simple, flexible and extensible concepts which include broad support for 
	C++ Standard Template Library idioms. C++ code can both be compiled, 
	linked and loaded on the fly, or added via packages. Flexible error and 
	exception code handling is provided. Rcpp substantially lowers the 
	barrier for programmers wanting to combine C++ code with R.},
	issn = {1548-7660},
	pages = {1--18},
	doi = {10.18637/jss.v040.i08},
	url = {https://www.jstatsoft.org/v040/i08}
}

@inproceedings{joynt2017segmenting,
	title={Segmenting high-cost Medicare patients into potentially actionable cohorts},
	author={Joynt, Karen E and Figueroa, Jose F and Beaulieu, Nancy and Wild, Robert C and Orav, E John and Jha, Ashish K},
	booktitle={Healthcare},
	volume={5},
	number={1-2},
	pages={62--67},
	year={2017},
	organization={Elsevier}
}

@article{newcomer2011identifying,
	title={Identifying subgroups of complex patients with cluster analysis.},
	author={Newcomer, Sophia R and Steiner, John F and Bayliss, Elizabeth A},
	journal={The American journal of managed care},
	volume={17},
	number={8},
	pages={e324--32},
	year={2011}
}

@article{violan2014prevalence,
	title={Prevalence, determinants and patterns of multimorbidity in primary care: a systematic review of observational studies},
	author={Violan, Concepci{\'o} and Foguet-Boreu, Quint{\'\i} and Flores-Mateo, Gemma and Salisbury, Chris and Blom, Jeanet and Freitag, Michael and Glynn, Liam and Muth, Christiane and Valderas, Jose M},
	journal={PloS one},
	volume={9},
	number={7},
	pages={e102149},
	year={2014},
	publisher={Public Library of Science}
}

@article{prados2014multimorbidity,
	title={Multimorbidity patterns: a systematic review},
	author={Prados-Torres, Alexandra and Calder{\'o}n-Larranaga, Amaia and Hancco-Saavedra, Jorge and Poblador-Plou, Beatriz and van den Akker, Marjan},
	journal={Journal of clinical epidemiology},
	volume={67},
	number={3},
	pages={254--266},
	year={2014},
	publisher={Elsevier}
}

@article{huang2005sampling,
	title={Sampling for Bayesian computation with large datasets},
	author={Huang, Zaijing and Gelman, Andrew},
	journal={Available at SSRN 1010107},
	year={2005}
}

@article{neiswanger2013asymptotically,
	title={Asymptotically exact, embarrassingly parallel MCMC},
	author={Neiswanger, Willie and Wang, Chong and Xing, Eric},
	journal={arXiv preprint arXiv:1311.4780},
	year={2013}
}

@inproceedings{minsker2014scalable,
	title={Scalable and robust Bayesian inference via the median posterior},
	author={Minsker, Stanislav and Srivastava, Sanvesh and Lin, Lizhen and Dunson, David},
	booktitle={International conference on machine learning},
	pages={1656--1664},
	year={2014}
}

@article{li2017simple,
	title={Simple, scalable and accurate posterior interval estimation},
	author={Li, Cheng and Srivastava, Sanvesh and Dunson, David B},
	journal={Biometrika},
	volume={104},
	number={3},
	pages={665--680},
	year={2017},
	publisher={Oxford University Press}
}

@article{james2017long,
	title={Long-term trends in Black and White mortality in the rural United States: Evidence of a race-specific rural mortality penalty},
	author={James, Wesley and Cossman, Jeralynn S},
	journal={The Journal of Rural Health},
	volume={33},
	number={1},
	pages={21--31},
	year={2017},
	publisher={Wiley Online Library}
}

@article{weisgrau1995issues,
	title={Issues in rural health: access, hospitals, and reform},
	author={Weisgrau, Sheldon},
	journal={Health care financing review},
	volume={17},
	number={1},
	pages={1},
	year={1995},
	publisher={Centers for Medicare and Medicaid Services}
}

@book{hing2014state,
	title={State Variability in Supply of Office-based Primary Care Providers, United States, 2012},
	author={Hing, Esther and Hsiao, Chun-Ju},
	number={151},
	year={2014},
	publisher={US Department of Health and Human Services, Centers for Disease Control and~…}
}

@article{chibmvp,
	author = {Chib, Siddhartha and Greenberg, Edward},
	title = "{Analysis of multivariate probit models}",
	journal = {Biometrika},
	volume = {85},
	number = {2},
	pages = {347-361},
	year = {1998},
	month = {06},
	abstract = "{This paper provides a practical simulation-based Bayesian and non-Bayesian analysis of correlated binary data using the multivariate probit model. The posterior distribution is simulated by Markov chain Monte Carlo methods and maximum likelihood estimates are obtained by a Monte Carlo version of the EM algorithm. A practical approach for the computation of Bayes factors from the simulation output is also developed. The methods are applied to a dataset with a bivariate binary response, to a four-year longitudinal dataset from the Six Cities study of the health effects of air pollution and to a sevenvariate binary response dataset on the labour supply of married women from the Panel survey of Income Dynamics.}",
	issn = {0006-3444},
	doi = {10.1093/biomet/85.2.347},
	url = {https://doi.org/10.1093/biomet/85.2.347},
	eprint = {https://academic.oup.com/biomet/article-pdf/85/2/347/846495/85-2-347.pdf},
}

@article{ashford1970multi,
	title={Multi-variate probit analysis},
	author={Ashford, JR and Sowden, RR},
	journal={Biometrics},
	pages={535--546},
	year={1970},
	publisher={JSTOR}
}
@article{hahn2012sparse,
	title={A sparse factor analytic probit model for congressional voting patterns},
	author={Hahn, P Richard and Carvalho, Carlos M and Scott, James G},
	journal={Journal of the Royal Statistical Society: Series C (Applied Statistics)},
	volume={4},
	number={61},
	pages={619--635},
	year={2012}
}

@article{taylor2017,
	author = "Taylor-Rodríguez, Daniel and Kaufeld, Kimberly and Schliep, Erin M. and Clark, James S. and Gelfand, Alan E.",
	doi = "10.1214/16-BA1031",
	fjournal = "Bayesian Analysis",
	journal = "Bayesian Anal.",
	month = "12",
	number = "4",
	pages = "939--967",
	publisher = "International Society for Bayesian Analysis",
	title = "Joint Species Distribution Modeling: Dimension Reduction Using Dirichlet Processes",
	url = "https://doi.org/10.1214/16-BA1031",
	volume = "12",
	year = "2017"
}

@phdthesis{tabet2007bayesian,
	title={Bayesian inference in the multivariate probit model},
	author={Tabet, Aline},
	year={2007},
	school={University of British Columbia}
}

@article{lawrence2008bayesian,
	title={Bayesian inference for multivariate ordinal data using parameter expansion},
	author={Lawrence, Earl and Bingham, Derek and Liu, Chuanhai and Nair, Vijayan N},
	journal={Technometrics},
	volume={50},
	number={2},
	pages={182--191},
	year={2008},
	publisher={Taylor \& Francis}
}

@article{mcculloch1994exact,
	title={An exact likelihood analysis of the multinomial probit model},
	author={McCulloch, Robert and Rossi, Peter E},
	journal={Journal of Econometrics},
	volume={64},
	number={1-2},
	pages={207--240},
	year={1994},
	publisher={Citeseer}
}


